@Book{Wilks2006,
  Title =     { Statistical Methods in the Atmospheric Sciences },
  Author =    { D. S. Wilks},
  Editor =    {},
  Publisher = {},
  Year =      {2006},
  Edition =   {2},
}

@Book{Groot1992,
  Title =     { Probabilidad y Estad√≠stica  },
  Author =    {  M. H. De Groot & M. J. Schervish},
  Editor =    {},
  Publisher = {},
  Year =      {1992},
  Edition =   {},
}



